% This file was created with Citavi 5.7.1.0

@article{AsksoyG.2016,
 author = {{A{\c{s}}{\i}ksoy G} and {{\"O}zdamli F.}},
 year = {2016},
 title = {Flipped Classroom adapted to the ARCS Model of Motivation and applied to a Physics Course},
 volume = {13},
 issn = {13058215},
 journal = {EURASIA Journal of Mathematics, Science {\&} Technology Education},
 doi = {10.12973/eurasia.2016.1251a}
}


@book{Bergmann.2012,
 year = {2012},
 title = {Flip your classroom: Reach every student in every class every day},
 url = {http://search.ebscohost.com/login.aspx?direct=true&scope=site&db=nlebk&db=nlabk&AN=475951},
 keywords = {Homework;Individualized instruction;Teachers;Time management;Video tapes in education},
 address = {Eugene, Or and Alexandria, Va},
 edition = {1st ed.},
 publisher = {{International Society for Technology in Education}},
 isbn = {9781564843159}
}


@article{Chu.2019,
 author = {Chu, Tsung-Lan and Wang, Jeng and Monrouxe, Lynn and Sung, Yu-Chih and Kuo, Chen-Li and Ho, Lun-Hui and Lin, Yueh-E},
 year = {2019},
 title = {The effects of the flipped classroom in teaching evidence based nursing: A quasi-experimental study},
 pages = {e0210606},
 volume = {14},
 number = {1},
 journal = {PloS one},
 doi = {10.1371/journal.pone.0210606}
}


@article{Eddy.2004,
 author = {Eddy, Sean R.},
 year = {2004},
 title = {What is Bayesian statistics?},
 pages = {1177  EP  -},
 volume = {22},
 journal = {Nature Biotechnology},
 doi = {10.1038/nbt0904-1177}
}


@article{Keller.1987,
 author = {Keller, John M.},
 year = {1987},
 title = {Development and use of the ARCS model of instructional design},
 pages = {2--10},
 volume = {10},
 number = {3},
 issn = {0162-2641},
 journal = {Journal of Instructional Development},
 doi = {10.1007/BF02905780}
}


@article{Leisen.2003,
 author = {Leisen, Josef},
 year = {2003},
 title = {Kugellager},
 pages = {75--76},
 volume = {14},
 journal = {Naturwissenschaften im Unterricht. Physik}
}


@article{M.Keller.1987,
 author = {{M. Keller}, John and {W. Kopp}, Thomas},
 year = {1987},
 title = {An application of the ARCS Model of Motivational Design},
 pages = {289--320},
 journal = {Instructional theories in action: Lessons illustrating selected theories and models}
}


@article{reinmann2011instructional,
  title={Instructional Design},
  author={Reinmann, Gabi},
  journal={Hagen: Fernuniversit{\"a}t in Hagen},
  year={2011}
}


@article{Uzunboylu.2015,
 author = {Uzunboylu, Huseyin and Karagozlu, Damla},
 year = {2015},
 title = {Flipped classroom: A review of recent literature},
 pages = {142},
 volume = {7},
 number = {2},
 issn = {1309-0348},
 journal = {World Journal on Educational Technology},
 doi = {10.18844/wjet.v7i2.46}
}


